@article{1,
author= {Richard Feynman},
title = {\href{https://link.springer.com/article/10.1007/BF02650179#citeas}{Simulating physics with computers}}, {Internation Journal of Theoretical Physics 21, 467–488 (1982)}}

@misc{ enwiki:1079790220,
author = "{Wikipedia contributors}",
title = "\href{https://en.wikipedia.org/w/index.php?title=Quantum_walk&oldid=1079790220}{Quantum walk} --- {Wikipedia}{,} The Free Encyclopedia",
year = "2022",
note = "[Online; accessed 28-April-2022]"
}
 
@article{Venegas_Andraca_2012,
doi = {10.1007/s11128-012-0432-5},
year = 2012,
month = {jul},
publisher = {Springer Science and Business Media {LLC}
},
volume = {11},
number = {5},
pages = {1015--1106},
author = {Salvador El{\'{\i}}as Venegas-Andraca},
title = {\href{https://doi.org/10.1007%2Fs11128-012-0432-5}{Quantum walks: a comprehensive review}},
journal = {Quantum Information Processing}
}


@article{Chakraborty_2020,
	doi = {10.1103/physrevlett.124.050501},
  
	url = {},
  
	year = 2020,
	month = {feb},
  
	publisher = {American Physical Society ({APS})},
  
	volume = {124},
  
	number = {5},
  
	author = {Shantanav Chakraborty and Kyle Luh and Jeremie Roland},
  
	title = {\href{https://doi.org/10.1103%2Fphysrevlett.124.050501}{How Fast Do Quantum Walks Mix?}},
	journal = {Physical Review Letters}
}


@article{Childs_2009,
	doi = {10.1007/s00220-009-0930-1},
  
	url = {https://doi.org/10.1007%2Fs00220-009-0930-1},
  
	year = 2009,
	month = {oct},
  
	publisher = {Springer Science and Business Media {LLC}
},
  
	volume = {294},
  
	number = {2},
  
	pages = {581--603},
  
	author = {Andrew M. Childs},
  
	title = {\href{https://doi.org/10.1007%2Fs00220-009-0930-1}{On the Relationship Between Continuous and Discrete Time Quantum Walk}},
  
	journal = {Communications in Mathematical Physics}
}

@article{10.5555/2231036.2231040,
author = {Berry, Dominic W. and Childs, Andrew M.},
title = {\href{https://arxiv.org/abs/0910.4157}{Black-Box Hamiltonian Simulation and Unitary Implementation}},
year = {2012},
issue_date = {January 2012},
publisher = {Rinton Press, Incorporated},
address = {Paramus, NJ},
volume = {12},
number = {1–2},
issn = {1533-7146},
journal = {Quantum Info. Comput.},
month = {jan},
pages = {29–62},
numpages = {34},
keywords = {quantum walk, quantum query complexity, Hamiltonian simulation, quantum computation}
}

@INPROCEEDINGS{1366222,

  author={Szegedy, M.},

  booktitle={45th Annual IEEE Symposium on Foundations of Computer Science}, 

  title={\href{https://ieeexplore.ieee.org/document/1366222}{}Quantum speed-up of Markov chain based algorithms}}, 

  year={2004},

  volume={},

  number={},

  pages={32-41},

  doi={10.1109/FOCS.2004.53}}

@article{Clinton_2021,
	doi = {10.1038/s41467-021-25196-0},
  
	url = {https://doi.org/10.1038%2Fs41467-021-25196-0},
  
	year = 2021,
	month = {aug},
  
	publisher = {Springer Science and Business Media {LLC}
},
  
	volume = {12},
  
	number = {1},
  
	author = {Laura Clinton and Johannes Bausch and Toby Cubitt},
  
	title = {\href{https://doi.org/10.1038%2Fs41467-021-25196-0}{Hamiltonian simulation algorithms for near-term quantum hardware}},
  
	journal = {Nature Communications}
}

@misc{https://doi.org/10.48550/arxiv.2108.03747,
  doi = {10.48550/ARXIV.2108.03747},
  
  url = {https://arxiv.org/abs/2108.03747},
  
  author = {Dong, Yulong and Whaley, K. Birgitta and Lin, Lin},
  
  keywords = {Quantum Physics (quant-ph), FOS: Physical sciences, FOS: Physical sciences},
  
  title = {\href{https://arxiv.org/abs/2108.03747}{A Quantum Hamiltonian Simulation Benchmark}},
  
  publisher = {arXiv},
  
  year = {2021},
  
  copyright = {arXiv.org perpetual, non-exclusive license}
}

@article{Low2019hamiltonian,
  doi = {10.22331/q-2019-07-12-163},
  url = {https://doi.org/10.22331/q-2019-07-12-163},
  title = {\href{https://quantum-journal.org/papers/q-2019-07-12-163/}{Hamiltonian {S}imulation by {Q}ubitization}},
  author = {Low, Guang Hao and Chuang, Isaac L.},
  journal = {{Quantum}},
  issn = {2521-327X},
  publisher = {{Verein zur F{\"{o}}rderung des Open Access Publizierens in den Quantenwissenschaften}},
  volume = {3},
  pages = {163},
  month = jul,
  year = {2019}
}

@inproceedings{Berry_2015,
	doi = {10.1109/focs.2015.54},
  
	url = {https://doi.org/10.1109%2Ffocs.2015.54},
  
	year = 2015,
	month = {oct},
  
	publisher = {{IEEE}
},
  
	author = {Dominic W. Berry and Andrew M. Childs and Robin Kothari},
  
	title = {Hamiltonian Simulation with Nearly Optimal Dependence on all Parameters},
  
	booktitle = {2015 {IEEE} 56th Annual Symposium on Foundations of Computer Science}
}

@article{Childs_2021,
	doi = {10.1103/physrevx.11.011020},
  
	url = {https://doi.org/10.1103%2Fphysrevx.11.011020},
  
	year = 2021,
	month = {feb},
  
	publisher = {American Physical Society ({APS})},
  
	volume = {11},
  
	number = {1},
  
	author = {Andrew M. Childs and Yuan Su and Minh C. Tran and Nathan Wiebe and Shuchen Zhu},
  
	title = {Theory of Trotter Error with Commutator Scaling},
  
	journal = {Physical Review X}
}

@article{Berry_2015,
	doi = {10.1103/physrevlett.114.090502},
  
	url = {https://doi.org/10.1103%2Fphysrevlett.114.090502},
  
	year = 2015,
	month = {mar},
  
	publisher = {American Physical Society ({APS})},
  
	volume = {114},
  
	number = {9},
  
	author = {Dominic W. Berry and Andrew M. Childs and Richard Cleve and Robin Kothari and Rolando D. Somma},
  
	title = {Simulating Hamiltonian Dynamics with a Truncated Taylor Series},
  
	journal = {Physical Review Letters}
}

@misc{https://doi.org/10.48550/arxiv.2103.05500,
  doi = {10.48550/ARXIV.2103.05500},
  
  url = {https://arxiv.org/abs/2103.05500},
  
  author = {Lau, Jonathan Wei Zhong and Haug, Tobias and Kwek, Leong Chuan and Bharti, Kishor},
  
  keywords = {Quantum Physics (quant-ph), FOS: Physical sciences, FOS: Physical sciences},
  
  title = {NISQ Algorithm for Hamiltonian Simulation via Truncated Taylor Series},
  
  publisher = {arXiv},
  
  year = {2021},
  
  copyright = {arXiv.org perpetual, non-exclusive license}
}

@inproceedings{Berry_2014,
	doi = {10.1145/2591796.2591854},
  
	url = {https://doi.org/10.1145%2F2591796.2591854},
  
	year = 2014,
	month = {may},
  
	publisher = {{ACM}
},
  
	author = {Dominic W. Berry and Andrew M. Childs and Richard Cleve and Robin Kothari and Rolando D. Somma},
  
	title = {Exponential improvement in precision for simulating sparse Hamiltonians},
  
	booktitle = {Proceedings of the forty-sixth annual {ACM} symposium on Theory of computing}
}